<?xml version="1.0" encoding="UTF-8"?><collection xmlns="http://www.loc.gov/MARC21/slim"><record><leader>00643nam--2200193-i-4500</leader><controlfield tag="001">000021264</controlfield><controlfield tag="002">20161230</controlfield><controlfield tag="005">20161230201034</controlfield><controlfield tag="008">060222s1000------------r-----000-0-rus-d</controlfield><datafield ind1=" " ind2=" " tag="040"><subfield code="a">IFIN-HH</subfield></datafield><datafield ind1=" " ind2=" " tag="041"><subfield code="a">rus</subfield></datafield><datafield ind1=" " ind2=" " tag="080"><subfield code="a">537.511.33:621.385.1</subfield></datafield><datafield ind1="1" ind2=" " tag="100"><subfield code="a">Shockley,William</subfield></datafield><datafield ind1="1" ind2="0" tag="245"><subfield code="a">Teoria elektronnih poluprovodnikov</subfield><subfield code="b">Prilojenia k teorii tranzistorov</subfield><subfield code="c">William shockley</subfield></datafield><datafield ind1=" " ind2=" " tag="260"><subfield code="a">Moskva</subfield><subfield code="b">Inostrannoi Literaturi</subfield><subfield code="c">1953</subfield></datafield><datafield ind1=" " ind2=" " tag="300"><subfield code="a">714P</subfield></datafield><datafield ind1=" " ind2=" " tag="500"><subfield code="a">Titlul Original In Limba Engleza: Electrons And Hales In Semiconductors With Applications To Transistor Electronics</subfield></datafield><datafield ind1=" " ind2=" " tag="852"><subfield code="a">1759</subfield><subfield code="c">537.311.33</subfield></datafield><datafield ind1=" " ind2=" " tag="CAT"><subfield code="a">Sys</subfield><subfield code="c">20110714</subfield><subfield code="h">113334</subfield></datafield></record></collection>